<record><leader>00000cas a2200000 i 4500</leader><controlfield tag="001">899272323</controlfield><controlfield tag="006">m     o  d        </controlfield><controlfield tag="007">cr |||||||||||</controlfield><controlfield tag="008">150107d18761881waudn neo     0   a0eng  </controlfield><datafield ind1=" " ind2=" " tag="010"><subfield code="a">  2014218868</subfield></datafield><datafield ind1=" " ind2=" " tag="040"><subfield code="a">DLC</subfield><subfield code="b">eng</subfield><subfield code="e">rda</subfield><subfield code="c">DLC</subfield><subfield code="d">DLC</subfield></datafield><datafield ind1="0" ind2=" " tag="022"><subfield code="a">2376-9033</subfield><subfield code="2">1</subfield></datafield><datafield ind1="1" ind2=" " tag="029"><subfield code="a">NZ1</subfield><subfield code="b">15956308</subfield></datafield><datafield ind1="1" ind2=" " tag="029"><subfield code="a">NZ1</subfield><subfield code="b">16176368</subfield></datafield><datafield ind1=" " ind2=" " tag="042"><subfield code="a">pcc</subfield><subfield code="a">nsdp</subfield></datafield><datafield ind1=" " ind2=" " tag="043"><subfield code="a">n-us-wa</subfield></datafield><datafield ind1="1" ind2="0" tag="050"><subfield code="a">ISSN RECORD</subfield></datafield><datafield ind1="0" ind2="0" tag="082"><subfield code="a">071</subfield><subfield code="2">23</subfield></datafield><datafield ind1="0" ind2=" " tag="130"><subfield code="a">Daily intelligencer (Seattle, Wash.)</subfield></datafield><datafield ind1=" " ind2="4" tag="222"><subfield code="a">The daily intelligencer</subfield><subfield code="b">(Seattle, Wash. Online)</subfield></datafield><datafield ind1="1" ind2="4" tag="245"><subfield code="a">The daily intelligencer.</subfield></datafield><datafield ind1="1" ind2="3" tag="246"><subfield code="a">Intelligencer</subfield></datafield><datafield ind1=" " ind2="1" tag="264"><subfield code="a">Seattle, Washington Territory [i.e. Wash.] :</subfield><subfield code="b">David Higgins,</subfield><subfield code="c">1876-1881.</subfield></datafield><datafield ind1=" " ind2=" " tag="300"><subfield code="a">1 online resource</subfield></datafield><datafield ind1=" " ind2=" " tag="310"><subfield code="a">Daily (except Sunday)</subfield></datafield><datafield ind1=" " ind2=" " tag="336"><subfield code="a">text</subfield><subfield code="b">txt</subfield><subfield code="2">rdacontent</subfield></datafield><datafield ind1=" " ind2=" " tag="337"><subfield code="a">computer</subfield><subfield code="b">c</subfield><subfield code="2">rdamedia</subfield></datafield><datafield ind1=" " ind2=" " tag="338"><subfield code="a">online resource</subfield><subfield code="b">cr</subfield><subfield code="2">rdacarrier</subfield></datafield><datafield ind1="1" ind2=" " tag="362"><subfield code="a">Began with vol. I, no. 1 (June 5, 1876); ceased with vol. XI, no. 97 (October 1, 1881).</subfield></datafield><datafield ind1=" " ind2=" " tag="530"><subfield code="a">Also issued on microfilm from Center for Research Libraries.</subfield></datafield><datafield ind1=" " ind2=" " tag="588"><subfield code="a">Description based on: Vol. I, no. 1 (June 5, 1876); title from masthead (Chroniclingamerica.loc.gov, viewed January 7, 2015).</subfield></datafield><datafield ind1=" " ind2=" " tag="588"><subfield code="a">Latest issue consulted: Vol. XI, no. 97 (October 1, 1881) (Chroniclingamerica.loc.gov, viewed January 7, 2015).</subfield></datafield><datafield ind1=" " ind2="0" tag="651"><subfield code="a">Seattle (Wash.)</subfield><subfield code="v">Newspapers.</subfield></datafield><datafield ind1=" " ind2="7" tag="651"><subfield code="a">Washington (State)</subfield><subfield code="z">Seattle.</subfield><subfield code="2">fast</subfield><subfield code="0">(OCoLC)fst01204940</subfield></datafield><datafield ind1=" " ind2="7" tag="655"><subfield code="a">Newspapers.</subfield><subfield code="2">fast</subfield><subfield code="0">(OCoLC)fst01423814</subfield></datafield><datafield ind1=" " ind2=" " tag="752"><subfield code="a">United States</subfield><subfield code="b">Washington</subfield><subfield code="c">King</subfield><subfield code="d">Seattle.</subfield></datafield><datafield ind1="0" ind2=" " tag="775"><subfield code="t">Weekly intelligencer (Seattle, Wash.)</subfield></datafield><datafield ind1="0" ind2="8" tag="776"><subfield code="i">Originally issued in print:</subfield><subfield code="t">Daily intelligencer (Seattle, Wash.)</subfield><subfield code="x">2376-9025</subfield><subfield code="w">(DLC)sn 83045610</subfield><subfield code="w">(OCoLC)9563076</subfield></datafield><datafield ind1="0" ind2="7" tag="785"><subfield code="t">Seattle daily post</subfield></datafield><datafield ind1="0" ind2="7" tag="785"><subfield code="t">Seattle daily post-intelligencer</subfield><subfield code="x">2379-7282</subfield><subfield code="w">(DLC)  2015218850</subfield><subfield code="w">(OCoLC)911135466</subfield></datafield><datafield ind1="4" ind2="0" tag="856"><subfield code="u">http://www.loc.gov/chroniclingamerica/lccn/sn83045610/issues</subfield></datafield></record>